% This file was created with JabRef 2.10.
% Encoding: Cp1252


@article{blassnig_user_2024,
	title = {User {Perceptions} of {News} {Recommender} {Systems} and {Trust} in {Media} {Outlets}: {A} {Five}-{Country} {Study}},
	volume = {25},
	issn = {1461-670X, 1469-9699},
	shorttitle = {User {Perceptions} of {News} {Recommender} {Systems} and {Trust} in {Media} {Outlets}},
	url = {https://www.tandfonline.com/doi/full/10.1080/1461670X.2024.2364628},
	doi = {10.1080/1461670X.2024.2364628},
	language = {en},
	number = {10},
	urldate = {2025-06-20},
	journal = {Journalism Studies},
	author = {Blassnig, Sina and Mitova, Eliza and Strikovic, Edina and Urman, Aleksandra and De Vreese, Claes and Hannák, Anikó and Esser, Frank},
	month = jul,
	year = {2024},
	pages = {1182--1204},
	file = {Volltext:/Users/finnschule/Zotero/storage/VS6H8YVL/Blassnig et al. - 2024 - User Perceptions of News Recommender Systems and Trust in Media Outlets A Five-Country Study.pdf:application/pdf},
}
